@article{Fathy2019,
  shorthand = {Fathy2019},
  title = {A deep learning approach for breast cancer mass detection},
  author = {Fathy, Wael E and Ghoneim, Amr S},
  journal = {International Journal of Advanced Computer Science and Applications},
  volume = {10},
  number = {1},
  year = {2019},
}

@inproceedings{He2016,
  shorthand = {He2016},
  title = {Deep residual learning for image recognition},
  author = {He, Kaiming and Zhang, Xiangyu and Ren, Shaoqing and Sun, Jian},
  booktitle = {Proceedings of the IEEE conference on computer vision and pattern recognition},
  pages = {770--778},
  year = {2016},
}

@inproceedings{Zhou2016,
  shorthand = {Zhou2016},
  title = {Learning deep features for discriminative localization},
  author = {Zhou, Bolei and Khosla, Aditya and Lapedriza, Agata and Oliva, Aude and Torralba, Antonio},
  booktitle = {Proceedings of the IEEE conference on computer vision and pattern recognition},
  pages = {2921--2929},
  year = {2016},
}

@inproceedings{Bowyer1996,
  shorthand = {Bowyer1996},
  title = {The digital database for screening mammography},
  author = {Bowyer, K and Kopans, D and Kegelmeyer, WP and Moore, R and Sallam, M and Chang, K and Woods, K},
  booktitle = {Third international workshop on digital mammography},
  volume = {58},
  pages = {27},
  year = {1996},
}

@incollection{Heath1998,
  shorthand = {Heath1998},
  title = {Current status of the digital database for screening mammography},
  author = {Heath, Michael and Bowyer, Kevin and Kopans, Daniel and Kegelmeyer, Philip and Moore, Richard and Chang, Kyong and Munishkumaran, S},
  booktitle = {Digital mammography},
  pages = {457--460},
  year = {1998},
  publisher = {Springer},
}

@article{Lee2017,
  shorthand = {Lee2017},
  title = {A curated mammography data set for use in computer-aided detection and diagnosis research},
  author = {Lee, Rebecca Sawyer and Gimenez, Francisco and Hoogi, Assaf and Miyake, Kanae Kawai and Gorovoy, Mia and Rubin, Daniel L},
  journal = {Scientific data},
  volume = {4},
  number = {1},
  pages = {1--9},
  year = {2017},
  publisher = {Nature Publishing Group},
}

@misc{Luka2020,
  shorthand = {Luka2020},
  author = {Luka Ihn},
  title = {DDSM CBIS Patch},
  howpublished = {\url{https://www.kaggle.com/llkihn/ddsm-cbis-patch}},
  note = {Version 4},
}

@inproceedings{Pertuz2014,
  shorthand = {Pertuz2014},
  title = {A novel mammography image representation framework with application to image registration},
  author = {Pertuz, Said and Julia, Carme and Puig, Domenec},
  booktitle = {2014 22nd International Conference on Pattern Recognition},
  pages = {3292--3297},
  year = {2014},
  organization = {IEEE},
}
